@inproceedings{peters2020alignment,
    author={Lasse Peters and David Fridovich-Keil and Claire Tomlin and Zachary Sunberg},
    title={Inference-Based Strategy Alignment for General-Sum Differential Games},
    booktitle={International Conference on Autonomous Agents and Multiagent Systems (AAMAS)},
    year=2020,
    url={https://github.com/lassepe/AAMAS2020-GameInference-Paper/blob/master/submission/ibsa-camera-ready-aamas2020.pdf},
    url_Paper={https://github.com/lassepe/AAMAS2020-GameInference-Paper/blob/master/submission/ibsa-camera-ready-aamas2020.pdf}
}

@inproceedings{lim2020sparse,
    author={Michael H. Lim and Claire J. Tomlin and Zachary N. Sunberg},
    title={Sparse Tree Search Optimality Guarantees in {POMDP}s with Continuous Observation Spaces},
    booktitle={International Joint Conference on Artificial Intelligence (IJCAI)},
    year=2020,
    url_Paper={https://arxiv.org/pdf/1910.04332.pdf}
}
           
@article{slade2020estimation,
    author={Patrick Slade and Zachary Sunberg and Mykel J. Kochenderfer},
    title={Estimation and Control Using Sampling-Based {B}ayesian Reinforcement Learning},
    journal={{IET} Cyber-Physical Systems: Theory and Applications},
    year={2020},
    volume={5},
    issue={1},
    url={https://digital-library.theiet.org/content/journals/10.1049/iet-cps.2019.0045}
}

@inproceedings{sonu2018hierarchy,
    title={Exploiting Hierarchy for Scalable Decision Making in Autonomous Driving},
    author={Sonu, Ekhlas and Sunberg, Zachary and Kochenderfer, Mykel J.},
    booktitle={Intelligent Vehicles Symposium},
    year={2018},
    address={Changshu}
}

@inproceedings{sunberg2018pomcpow,
    title={Online Algorithms for {POMDP}s with Continuous State, Action, and Observation Spaces},
    author={Sunberg, Zachary N. and Kochenderfer, Mykel J.},
    booktitle={International Conference on Automated Planning and Scheduling (ICAPS)},
    year={2018},
    address={Delft},
    url={https://arxiv.org/abs/1709.06196},
    url_Paper={https://arxiv.org/pdf/1709.06196.pdf},
}


@inproceedings{sunberg2017value,
    title={The Value of Inferring the Internal State of Traffic Participants for Autonomous Freeway Driving},
    author={Sunberg, Zachary N. and Ho, Christopher J. and Kochenderfer, Mykel J.},
    booktitle={American Control Conference (ACC)},
    address={Seattle},
    url={https://arxiv.org/abs/1702.00858},
    url_Paper={https://arxiv.org/pdf/1702.00858.pdf},
    year={2017}
}

@inproceedings{sunberg2016trusted,
    title={Optimized and Trusted Collision Avoidance for Unmanned Aerial Vehicles using Approximate Dynamic Programming},
    author={Sunberg, Zachary and Kochenderfer, Mykel J. and Pavone, Marco},
    booktitle={IEEE International Conference on Robotics and Automation (ICRA)},
    address={Stockholm},
    url={https://arxiv.org/abs/1602.04762},
    url_Paper={https://arxiv.org/pdf/1602.04762.pdf},
    year={2016}
}

@article{egorov2017pomdps,
    author = {Maxim Egorov and Zachary N. Sunberg and Edward Balaban and Tim A. Wheeler and Jayesh K. Gupta and Mykel J. Kochenderfer},
    title = {{POMDPs.jl}: A Framework for Sequential Decision Making under Uncertainty},
    journal = {Journal of Machine Learning Research},
    year = {2017},
    volume = {18},
    number = {26},
    pages = {1--5},
    url = {http://jmlr.org/papers/v18/16-300.html},
    url_Paper = {http://jmlr.org/papers/volume18/16-300/16-300.pdf}
}

@inproceedings{slade2017simultaneous,
    author = {Patrick Slade and Preston Culbertson and Zachary Sunberg and Mykel J. Kochenderfer},
    title = {Simultaneous Active Parameter Estimation and Control using Sampling-based {B}ayesian Reinforcement Learning},
    booktitle = {IEEE/RSJ International Conference on Intelligent Robots and Systems (IROS)},
    url = {https://arxiv.org/abs/1707.09055},
    url_Paper = {https://arxiv.org/pdf/1707.09055.pdf},
    year = {2017}
}

============= A&M ==============

@inproceedings{sunberg2012information,
    title={Information Space Receding Horizon Control for Multi­Agent Systems},
    author={Sunberg, Zachary and Chakravorty, Suman and Erwin, Richard},
    booktitle={American Control Conference (ACC)},
    year={2012},
    address={Montreal},
    url={http://ieeexplore.ieee.org/document/6314847/},
    url_Paper={http://ieeexplore.ieee.org/document/6314847/},
}

@inproceedings{sunberg2013fuzzy,
    title={A Fuzzy Logic-Based Controller for Helicopter Autorotation},
    author={Sunberg, Zachary and Rogers, Jonathan},
    booktitle={{AIAA} Aerospace Sciences Meeting},
    year={2013},
    address={Grapevine},
}

@article{sunberg2013information,
    title={Information Space Receding Horizon Control},
    author={Sunberg, Zachary and Chakravorty, Suman and Erwin, Richard Scott},
    journal={IEEE Transactions on Cybernetics},
    volume={43},
    number={6},
    pages={2255-2260},
    year={2013},
    url={http://ieeexplore.ieee.org/document/6417015/},
    url_Paper={http://ieeexplore.ieee.org/document/6417015/}
}

@article{sunberg2016information,
    title={Information Space Receding Horizon Control for Multisensor Tasking Problems},
    author={Sunberg, Zachary and Chakravorty, Suman and Erwin, Richard Scott},
    journal={IEEE Transactions on Cybernetics},
    volume={46},
    number={6},
    pages={1325--1336},
    year={2016},
    url={http://ieeexplore.ieee.org/document/7174988/},
    url_Paper={http://ieeexplore.ieee.org/document/7174988/},
}

@article{sunberg2013belief,
    title = "A Belief Function Distance Metric for Orderable Sets",
    journal = "Information Fusion",
    volume = "14",
    number = "4",
    pages = "361--373",
    year = "2013",
    issn = "1566-2535",
    doi = "10.1016/J.INFFUS.2013.03.003",
    url = "http://www.sciencedirect.com/science/article/pii/S1566253513000304",
    url_Paper = "http://www.sciencedirect.com/science/article/pii/S1566253513000304/pdfft?md5=b4701c23b87462d24371ae30b4518240&pid=1-s2.0-S1566253513000304-main.pdf",
    author = "Zachary Sunberg and Jonathan Rogers",
    keywords = "Dempster–Shafer theory",
    keywords = "Distance metric",
    keywords = "Orderable sets",
    keywords = "Sensor fault detection"
}

@inproceedings{sunberg2014space,
    author={Zachary Sunberg and Suman Chakravorty and Richard Erwin},
    booktitle={American Control Conference (ACC)},
    title={Information space sensor tasking for Space Situational Awareness},
    year={2014},
    pages={79-84},
    keywords={Markov processes;aerospace instrumentation;artificial satellites;distributed control;gradient methods;open loop systems;optimal control;baseline myopic tasking policy;distributed implementation;globally optimal solution;information space sensor tasking aspect;open loop control policy;partially observed Markov decision process;receding horizon control approach;satellites;space situational awareness;stochastic gradient ascent algorithm;Satellites;Aerospace;Predictive control for nonlinear systems;Stochastic systems},
    doi={10.1109/ACC.2014.6858922},
    ISSN={0743-1619},
    month={June},}
}

@article{sunberg2015real,
    title = "A Real-Time Expert Control System For Helicopter Autorotation",
    author = "Sunberg, Zachary N. and Miller, Nathaniel R. and Rogers, Jonathan D.",
    journal = "Journal of the American Helicopter Society",
    parent_itemid = "infobike://ahs/jahs",
    publishercode ="ahs",
    year = "2015",
    volume = "60",
    number = "2",
    pages = "1-15",
    itemtype = "ARTICLE",
    issn = "2161-6027",
    url = "http://www.ingentaconnect.com/content/ahs/jahs/2015/00000060/00000002/art00008",
    url_Paper = "http://www.ingentaconnect.com/content/ahs/jahs/2015/00000060/00000002/art00008",
    doi = "10.4050/JAHS.60.022008"
}

@inproceedings{sunberg2014real,
    author={Sunberg, Zachary and Miller, Nathaniel and Rogers, Jonathan},
    title={A Real Time Expert Control System for Helicopter Autorotation},
    booktitle={70th Forum of the American Helicopter Society},
    year={2014},
    address={Montreal}
}

@unpublished{sunberg2020improving,
    author={Sunberg, Zachary and Kochenderfer, Mykel},
    title={Improving Automated Driving through Planning with Human Internal States},
    note={Submitted to \emph{IEEE Transactions on Intelligent Transportation Systems}},
    url={https://arxiv.org/abs/2005.14549}
}
